<?xml version="1.0" encoding="utf-8"?>
<record xmlns="http://www.loc.gov/MARC21/slim" xmlns:xsi="http://www.w3.org/2001/XMLSchema-instance" xsi:schemaLocation="http://www.loc.gov/MARC21/slim http://www.loc.gov/standards/marcxml/schema/MARC21slim.xsd">
	<leader>     nam a22        4500</leader>
	<controlfield tag="001">1662518</controlfield>
	<controlfield tag="003">NIC</controlfield>
	<controlfield tag="006">m        d        </controlfield>
	<controlfield tag="007">cr cn |||m|||a</controlfield>
	<controlfield tag="008">150505s1921    ua      o     000 0 ara d</controlfield>
	<datafield ind1=" " ind2=" " tag="040">
		<subfield code="a">NNU</subfield>
		<subfield code="b">eng</subfield>
		<subfield code="e">rda</subfield>
		<subfield code="c">NNU</subfield>
	</datafield>
	<datafield ind1="1" ind2=" " tag="100">
		<subfield code="6">880-01</subfield>
		<subfield code="a">Ḥuṣarī, Ibrāhīm ibn ʻAlī,</subfield>
		<subfield code="d">-1022.</subfield>
	</datafield>
	<datafield ind1="1" ind2="0" tag="240">
		<subfield code="6">880-02</subfield>
		<subfield code="a">Yā layl al-ṣabb</subfield>
	</datafield>
	<datafield ind1="1" ind2="0" tag="245">
		<subfield code="6">880-03</subfield>
		<subfield code="a">Muʻāraḍāt qaṣīdat &quot;Yā layl al-ṣabb&quot; lil-Ḥuṣarī al-Qayrawānī ; jamaʻahā ʻIsá Iskandar al-Maʻlūf al-Lubnānī.</subfield>
	</datafield>
	<datafield ind1=" " ind2=" " tag="260">
		<subfield code="6">880-04</subfield>
		<subfield code="a">[Cairo] :</subfield>
		<subfield code="b">[publisher not identified]</subfield>
		<subfield code="e">(al-Qāhirah :</subfield>
		<subfield code="f">Maṭbaʻat al-Hilāl,</subfield>
		<subfield code="c">1921)</subfield>
	</datafield>
	<datafield ind1=" " ind2=" " tag="300">
		<subfield code="a">online resource (37 pages)</subfield>
	</datafield>
	<datafield ind1=" " ind2=" " tag="336">
		<subfield code="a">text</subfield>
		<subfield code="2">rdacontent</subfield>
	</datafield>
	<datafield ind1=" " ind2=" " tag="337">
		<subfield code="a">computer</subfield>
		<subfield code="2">rdamedia</subfield>
	</datafield>
	<datafield ind1=" " ind2=" " tag="338">
		<subfield code="a">online resource</subfield>
		<subfield code="2">rdacarrier</subfield>
	</datafield>
	<datafield ind1=" " ind2=" " tag="500">
		<subfield code="a">Part of the Arabic Collections Online (ACO) project, contributed by Cornell University Libraries.</subfield>
	</datafield>
	<datafield ind1=" " ind2=" " tag="533">
		<subfield code="a">Electronic reproduction.</subfield>
		<subfield code="b">New York, N.Y. :</subfield>
		<subfield code="c">New York University,</subfield>
		<subfield code="d">2015.</subfield>
		<subfield code="5">NNU</subfield>
	</datafield>
	<datafield ind1=" " ind2="0" tag="650">
		<subfield code="a">Memesis in literature.</subfield>
	</datafield>
	<datafield ind1=" " ind2="0" tag="650">
		<subfield code="a">Love poetry, Arabic.</subfield>
	</datafield>
	<datafield ind1=" " ind2="0" tag="650">
		<subfield code="a">Ghazal.</subfield>
	</datafield>
	<datafield ind1="1" ind2=" " tag="700">
		<subfield code="6">880-05</subfield>
		<subfield code="a">Iskandar, ʻIsá.</subfield>
	</datafield>
	<datafield ind1="2" ind2=" " tag="710">
		<subfield code="a">Cornell University.</subfield>
		<subfield code="b">Libraries.</subfield>
	</datafield>
	<datafield ind1="0" ind2=" " tag="730">
		<subfield code="a">Arabic Collections Online.</subfield>
	</datafield>
	<datafield ind1="0" ind2="8" tag="776">
		<subfield code="i">Online version:</subfield>
		<subfield code="a">Ḥuṣarī, Ibrāhīm ibn ʻAlī, -1022.</subfield>
		<subfield code="s">Yā layl al-ṣabb.</subfield>
		<subfield code="t">Muʻāraḍāt qaṣīdat &quot;Yā layl al-ṣabb&quot; lil-Ḥuṣarī al-Qayrawānī ; jamaʻahā ʻIsá Iskandar al-Maʻlūf al-Lubnānī.</subfield>
		<subfield code="d">[Cairo : s.n.] (al-Qāhirah : Maṭbaʻat al-Hilāl, 1921)</subfield>
		<subfield code="w">(OCoLC)852771716</subfield>
	</datafield>
	<datafield ind1="0" ind2="8" tag="776">
		<subfield code="i">Print version:</subfield>
		<subfield code="a">Ḥuṣarī, Ibrāhīm ibn ʻAlī, -1022.</subfield>
		<subfield code="t">Muʻāraḍāt qaṣīdat &quot;Yā layl al-ṣabb&quot; lil-Ḥuṣarī al-Qayrawānī ; jamaʻahā ʻIsá Iskandar al-Maʻlūf al-Lubnānī</subfield>
		<subfield code="w">(NIC)1662518</subfield>
		<subfield code="w">(OCoLC)63977410</subfield>
	</datafield>
	<datafield ind1="4" ind2="0" tag="856">
		<subfield code="u">http://hdl.handle.net/2333.1/5mkkwkfn</subfield>
	</datafield>
	<datafield ind1="1" ind2=" " tag="880">
		<subfield code="6">100-01/r</subfield>
		<subfield code="a">حصري، ابراهيم بن علي،</subfield>
		<subfield code="d">-1022.</subfield>
	</datafield>
	<datafield ind1="1" ind2="0" tag="880">
		<subfield code="6">240-02/r</subfield>
		<subfield code="a">يا ليل الصب</subfield>
	</datafield>
	<datafield ind1="1" ind2="0" tag="880">
		<subfield code="6">245-03/r</subfield>
		<subfield code="a">معارضات قصيدة &quot;يا ليل الصب&quot; للحصري القيرواني ؛ جمعها عيسى اسكندر المعلوف اللبناني.</subfield>
	</datafield>
	<datafield ind1=" " ind2=" " tag="880">
		<subfield code="6">260-04/r</subfield>
		<subfield code="a">[Cairo] :</subfield>
		<subfield code="b">[publisher not identified] </subfield>
		<subfield code="e">(القاهرة :</subfield>
		<subfield code="f">مطبعة الهلال،</subfield>
		<subfield code="c">1921)</subfield>
	</datafield>
	<datafield ind1="1" ind2=" " tag="880">
		<subfield code="6">700-05/r</subfield>
		<subfield code="a">اسكندر، عيسى.</subfield>
	</datafield>
	<datafield ind1=" " ind2=" " tag="959">
		<subfield code="a">NNU</subfield>
		<subfield code="b">WEB</subfield>
		<subfield code="c">GENI</subfield>
		<subfield code="t">0</subfield>
		<subfield code="m">Electronic access</subfield>
		<subfield code="s">01</subfield>
	</datafield>
	<datafield ind1=" " ind2=" " tag="999">
		<subfield code="i">NIC_1662518</subfield>
		<subfield code="o">(OCoLC)ocm63977410</subfield>
		<subfield code="s">cornell_aco000009</subfield>
	</datafield>
</record>
